<?xml version="1.0" encoding="UTF-8"?><collection xmlns="http://www.loc.gov/MARC21/slim"><record><leader>00387nam--2200157-u-4500</leader><controlfield tag="001">000050957</controlfield><controlfield tag="002">20161230</controlfield><controlfield tag="005">20170205225219</controlfield><controlfield tag="008">080506s1000------------r-----000-0-eng-d</controlfield><datafield ind1=" " ind2=" " tag="040"><subfield code="a">IFIN-HH</subfield></datafield><datafield ind1="1" ind2=" " tag="100"><subfield code="a">Novoselov, S. I</subfield></datafield><datafield ind1="1" ind2="0" tag="245"><subfield code="a">Curs special de trigonometrie</subfield></datafield><datafield ind1=" " ind2=" " tag="260"><subfield code="a">Bucuresti</subfield><subfield code="b">Editura Tehnica</subfield><subfield code="c">1956</subfield></datafield><datafield ind1=" " ind2=" " tag="300"><subfield code="a">575 p</subfield></datafield><datafield ind1=" " ind2=" " tag="852"><subfield code="a">76430</subfield><subfield code="c">511</subfield></datafield><datafield ind1=" " ind2=" " tag="CAT"><subfield code="a">SYS</subfield><subfield code="c">20170205</subfield><subfield code="h">225219</subfield></datafield></record></collection>